% This article is the definitive citation for Julia.
@article{Julia-2017,
    title={Julia: A fresh approach to numerical computing},
    author={Bezanson, Jeff and Edelman, Alan and Karpinski, Stefan and Shah, Viral B},
    journal={SIAM {R}eview},
    volume={59},
    number={1},
    pages={65--98},
    year={2017},
    publisher={SIAM},
    doi={10.1137/141000671}
}

% The following citations are about different and specialized aspects of Julia.

@article{Julia-2019-a,
 author = {Bezanson, Jeff and Chen, Jiahao and Chung, Benjamin and Karpinski, Stefan and Shah, Viral B. and Vitek, Jan and Zoubritzky, Lionel},
 title = {Julia: Dynamism and Performance Reconciled by Design},
 journal = {Proc. ACM Program. Lang.},
 issue_date = {November 2018},
 volume = {2},
 number = {OOPSLA},
 month = oct,
 year = {2018},
 issn = {2475-1421},
 pages = {120:1--120:23},
 articleno = {120},
 numpages = {23},
 url = {http://doi.acm.org/10.1145/3276490},
 doi = {10.1145/3276490},
 acmid = {3276490},
 publisher = {ACM},
 address = {New York, NY, USA},
 keywords = {dynamic languages, just-in-time compilation, multiple dispatch},
} 

@article{Julia-2019-b,
 author = {Zappa Nardelli, Francesco and Belyakova, Julia and Pelenitsyn, Artem and Chung, Benjamin and Bezanson, Jeff and Vitek, Jan},
 title = {Julia Subtyping: A Rational Reconstruction},
 journal = {Proc. ACM Program. Lang.},
 issue_date = {November 2018},
 volume = {2},
 number = {OOPSLA},
 month = oct,
 year = {2018},
 issn = {2475-1421},
 pages = {113:1--113:27},
 articleno = {113},
 numpages = {27},
 url = {http://doi.acm.org/10.1145/3276483},
 doi = {10.1145/3276483},
 acmid = {3276483},
 publisher = {ACM},
 address = {New York, NY, USA},
 keywords = {Multiple Dispatch, Subtyping},
} 
